<?xml version="1.0" encoding="UTF-8"?><collection xmlns="http://www.loc.gov/MARC21/slim"><record><leader>00387nam--2200133-i-4500</leader><controlfield tag="001">000023314</controlfield><controlfield tag="002">20161230</controlfield><controlfield tag="005">20161230201035</controlfield><controlfield tag="008">060222s1000------------r-----000-0-eng-d</controlfield><datafield ind1=" " ind2=" " tag="080"><subfield code="a">519.68:531:536=092</subfield></datafield><datafield ind1=" " ind2=" " tag="100"><subfield code="a">Grossberg, Alan B</subfield></datafield><datafield ind1=" " ind2=" " tag="245"><subfield code="a">Fortran for engineering physics.mechanics, data analysis, and heat</subfield></datafield><datafield ind1=" " ind2=" " tag="260"><subfield code="a">New York, Mcgraw-hillbook Co., 1971.  Ix + 211p</subfield></datafield><datafield ind1=" " ind2=" " tag="852"><subfield code="a">39319</subfield></datafield></record></collection>